@article{swing,
    author    = "Case, W. \and Swanson, M.",
    title     = "\href{https://www.researchgate.net/publication/252276262_The_pumping_of_a_swing_from_the_seated_position}{The Pumping of a Swing from the Seated Position}",
    journal   = "Am. J. Phys",
    volume   = "58",
    number   = "463",
    year      = "1990",
}

@misc{gtk3,
author = "The GTK+ Team",
  title = "{The GTK+ Project: What is GTK+, and how can I use it?}",
  howpublished = "\href{https://www.gtk.org/}{https://www.gtk.org/}",
  note = "Consult.: 2018-01-13"
}

@misc{tf,
  author = "Eleutério, S.",
  title = "{MEFT - Programação: Trabalhos Finais 2018/2019}",
  howpublished = "\href{https://label2.tecnico.ulisboa.pt/IC/Trabalhos/Trabalhos_Finais_1819.pdf}{Instituto Superior Técnico, Universidade de Lisboa}",
  note = "Consult.: 2018-01-13"
}

@misc{columpio,
author = "García, A. F.",
  title = "{El Columpio}",
  howpublished = "\href{http://www.sc.ehu.es/sbweb/fisica3/oscilaciones/columpio_1/columpio_1.html}{\textit{Curso Interactivo de Física en Internet}}",
  note = "Consult.: 2018-01-13"
}
